<?xml version="1.0" encoding="UTF-8"?><collection xmlns="http://www.loc.gov/MARC21/slim"><record><leader>00558nam--2200205-i-4500</leader><controlfield tag="001">000018794</controlfield><controlfield tag="002">20161230</controlfield><controlfield tag="005">20161230201032</controlfield><controlfield tag="008">060222s1000------------r-----000-0-rus-d</controlfield><datafield ind1=" " ind2=" " tag="040"><subfield code="a">IFIN-HH</subfield></datafield><datafield ind1=" " ind2=" " tag="041"><subfield code="a">rus</subfield></datafield><datafield ind1=" " ind2=" " tag="080"><subfield code="a">539.1.07</subfield></datafield><datafield ind1="1" ind2=" " tag="100"><subfield code="a">Gorn, L.S</subfield></datafield><datafield ind1="1" ind2="0" tag="245"><subfield code="a">Izbiratelnie radiometri</subfield><subfield code="c">L.s. gorn, b.i. hazanov</subfield></datafield><datafield ind1=" " ind2=" " tag="260"><subfield code="a">Moskva</subfield><subfield code="b">Atomizdat</subfield><subfield code="c">1975</subfield></datafield><datafield ind1=" " ind2=" " tag="300"><subfield code="a">374P</subfield></datafield><datafield ind1=" " ind2=" " tag="490"><subfield code="a">Radiometri Osnovi Teorii, Postroenie, Shemotehnika I Metrologia</subfield></datafield><datafield ind1="1" ind2=" " tag="700"><subfield code="a">Hazanov, B.I</subfield></datafield><datafield ind1=" " ind2=" " tag="852"><subfield code="a">42558</subfield><subfield code="c">539.1.07:539.1.08</subfield></datafield><datafield ind1=" " ind2=" " tag="CAT"><subfield code="a">Sys</subfield><subfield code="c">20111026</subfield><subfield code="h">133352</subfield></datafield></record></collection>